@inproceedings{abel2013copatterns,
  title={Copatterns: programming infinite structures by observations},
  author={Abel, Andreas and Pientka, Brigitte and Thibodeau, David and Setzer, Anton},
  booktitle={ACM SIGPLAN Notices},
  volume={48},
  number={1},
  pages={27--38},
  year={2013},
  organization={ACM}
}
@mastersthesis{vezzosi2015guarded,
  document_type     = {Licentiate Thesis},
  title={Guarded Recursive Types in Type Theory},
  author={Vezzosi, Andrea},
  year={2015},
  school={Chalmers University of Technology},
  type              = {Licentiate Thesis},
}